<?xml version="1.0" encoding="UTF-8"?><collection xmlns="http://www.loc.gov/MARC21/slim"><record><leader>00420nam--2200145-i-4500</leader><controlfield tag="001">000037370</controlfield><controlfield tag="002">20161230</controlfield><controlfield tag="005">20161230201041</controlfield><controlfield tag="008">060222s1000------------r-----000-0-eng-d</controlfield><datafield ind1=" " ind2=" " tag="080"><subfield code="a">001.681.5</subfield></datafield><datafield ind1=" " ind2=" " tag="245"><subfield code="a">Progress in artificial intelligence</subfield></datafield><datafield ind1=" " ind2=" " tag="260"><subfield code="a">Chichester, Ellis Horwood Limited, 1989. 320 P</subfield></datafield><datafield ind1=" " ind2=" " tag="490"><subfield code="a">Ellis Horwood Series In Artificial Intelligence</subfield></datafield><datafield ind1=" " ind2=" " tag="700"><subfield code="a">Luc Steels And J.A.Campbell</subfield></datafield><datafield ind1=" " ind2=" " tag="852"><subfield code="a">74816</subfield></datafield></record></collection>